% decision trees
@misc{ wiki:id3,
    author = "Wikipedia contributors",
    title = "ID3 algorithm --- Wikipedia{,} The Free Encyclopedia",
    year = "2017",
    url = "https://en.wikipedia.org/w/index.php?title=ID3_algorithm&oldid=809588065",
    note = "[Online; accessed 14-March-2018]"
  }

@misc{ wiki:c45,
    author = "Wikipedia contributors",
    title = "C4.5 algorithm --- Wikipedia{,} The Free Encyclopedia",
    year = "2018",
    url = "https://en.wikipedia.org/w/index.php?title=C4.5_algorithm&oldid=825055847",
    note = "[Online; accessed 14-March-2018]"
  }

@misc{ wiki:IG,
    author = "Wikipedia contributors",
    title = "Information gain in decision trees --- Wikipedia{,} The Free Encyclopedia",
    year = "2017",
    url = "https://en.wikipedia.org/w/index.php?title=Information_gain_in_decision_trees&oldid=796489314",
    note = "[Online; accessed 15-March-2018]"
  }

@misc{ matlab:fitctree,
  author = "Mathworks",
  title = "MATLAB Documentation - fitctree",
  year = "2018",
  url = "https://www.mathworks.com/help/stats/fitctree.html",
  note = "[Online; accessed 2018-03-14]"
}

@misc{ images:ldapca,
  author = "Sebastian Raschka",
  title = "What is the difference between LDA and PCA for dimensionality reduction?",
  year = "2018",
  url = "https://sebastianraschka.com/faq/docs/lda-vs-pca.html",
  note = "[Online; accessed 2018-03-14]"
}

@article{lecun-mnisthandwrittendigit-2010,
  added-at = {2010-06-28T21:16:30.000+0200},
  author = {LeCun, Yann and Cortes, Corinna},
  biburl = {https://www.bibsonomy.org/bibtex/2935bad99fa1f65e03c25b315aa3c1032/mhwombat},
  groups = {public},
  howpublished = {http://yann.lecun.com/exdb/mnist/},
  interhash = {21b9d0558bd66279df9452562df6e6f3},
  intrahash = {935bad99fa1f65e03c25b315aa3c1032},
  keywords = {MSc _checked character_recognition mnist network neural},
  lastchecked = {2016-01-14 14:24:11},
  timestamp = {2016-07-12T19:25:30.000+0200},
  title = {{MNIST} handwritten digit database},
  url = {http://yann.lecun.com/exdb/mnist/},
  username = {mhwombat},
  year = 2010
}